<?xml version="1.0" encoding="UTF-8"?><collection xmlns="http://www.loc.gov/MARC21/slim"><record><leader>00409nam--2200133-i-4500</leader><controlfield tag="001">000023304</controlfield><controlfield tag="002">20161230</controlfield><controlfield tag="005">20161230201035</controlfield><controlfield tag="008">060222s1000------------r-----000-0-eng-d</controlfield><datafield ind1=" " ind2=" " tag="080"><subfield code="a">612.014:015</subfield></datafield><datafield ind1=" " ind2=" " tag="100"><subfield code="a">Jallet, Pierre</subfield></datafield><datafield ind1=" " ind2=" " tag="245"><subfield code="a">Le transport actif des cations a travers les mambranes biologiques. these</subfield></datafield><datafield ind1=" " ind2=" " tag="260"><subfield code="a">D`Argers, Faculte Mixte De Midecine Et De Pharmacie D`Angers, 1971, 68 P</subfield></datafield><datafield ind1=" " ind2=" " tag="852"><subfield code="a">39000</subfield></datafield></record></collection>